
%% IEEEexample.bib 
%% V1.10 
%% 2002/09/27
%% Copyright (c) 2002 by Michael Shell
%% mshell(at)ece.gatech.edu
%% See support website below for current contact information.
%% 
%% NOTE: This text file uses MS Windows line feed conventions. When (human)
%% reading this file on other platforms, you may have to use a text
%% editor that can handle lines terminated by the MS Windows line feed
%% characters (0x0D 0x0A).
%% 
%% This is an example BibTeX database for the official IEEEtran.bst
%% BibTeX style file.
%% 
%% Some entries call strings that are defined in the IEEEabrv.bib file.
%% Therefore, IEEEabrv.bib should be loaded prior to this file. 
%% Usage: 
%% 
%% \bibliographystyle{./IEEEtran} % use IEEEtran.bst style
%% \bibliography{./IEEEabrv,./IEEEexample}
%% 
%% 
%% Support sites:
%% http://www.ctan.org/tex-archive/macros/latex/contrib/supported/IEEEtran/ 
%% and/or
%% http://www.ieee.org
%%**********************************************************************
%% Legal Notice:
%% This code is offered as-is without any warranty either expressed or
%% implied; without even the implied warranty of MERCHANTABILITY or
%% FITNESS FOR A PARTICULAR PURPOSE!
%% User assumes all risk.
%% In no event shall IEEE or any contributor to this code be liable for
%% any damages or losses, including, but not limited to, incidental,
%% consequential, or any other damages, resulting from the use or misuse
%% of any information contained here.
%%
%% This code is distributed under the Perl Artistic License 
%% ( http://language.perl.com/misc/Artistic.html ) 
%% and may be freely used, distributed and modified - subject to the
%% constraints therein.
%% Retain all contribution notices, credits and disclaimers.
%% 
%% All comments are the opinions of their respective authors and are not
%% necessarily endorsed by the IEEE.
%%**********************************************************************


% Note that, because the example references were taken from actual IEEE
% publications, these examples do not always contain the full amount
% of information that may be desirable (for use with other BibTeX styles).
% In particular, full names (not abbreviated with initials) should be
% entered whenever possible as some (non-IEEE) bibliography styles use
% full names. IEEEtran.bst will automatically abbreviate when it
% encounters full names.
 
 
 
 
% references for the IEEEtran.bst documentation
% the distribution site for IEEEtran.bst

@inproceedings{palmieri2014novel,
  title={A novel RRT extend function for efficient and smooth mobile robot motion planning},
  author={Palmieri, Luigi and Arras, Kai O},
  booktitle={2014 IEEE/RSJ International Conference on Intelligent Robots and Systems},
  pages={205--211},
  year={2014},
  organization={IEEE}
}

@article{lau2010multi,
  title={Multi-model hypothesis group tracking and group size estimation},
  author={Lau, Boris and Arras, Kai O and Burgard, Wolfram},
  journal={International Journal of Social Robotics},
  volume={2},
  number={1},
  pages={19--30},
  year={2010},
  publisher={Springer}
}

@article{kristoffersson2013review,
  title={A review of mobile robotic telepresence},
  author={Kristoffersson, Annica and Coradeschi, Silvia and Loutfi, Amy},
  journal={Advances in Human-Computer Interaction},
  volume={2013},
  pages={3},
  year={2013},
  publisher={Hindawi Publishing Corp.}
}
@article{bishop2006pattern,
  title={Pattern recognition},
  author={Bishop, Christopher M},
  journal={Machine Learning},
  volume={128},
  pages={1--58},
  year={2006}
}

@book{dautenhahn2002imitation,
  title={Imitation in animals and artifacts},
  author={Dautenhahn, Kerstin and Nehaniv, Chrystopher L},
  year={2002},
  publisher={MIT Press Cambridge, MA}
}

@article{hall1966hidden,
  title={The hidden dimension},
  author={Hall, Edward Twitchell},
  year={1966},
  publisher={Doubleday \& Co}
}

@inproceedings{ho2016generative,
  title={Generative adversarial imitation learning},
  author={Ho, Jonathan and Ermon, Stefano},
  booktitle={Advances in Neural Information Processing Systems},
  pages={},
  year={2016}
}

@article{bojarski2016end,
  title={End to end learning for self-driving cars},
  author={Bojarski, Mariusz and Del Testa, Davide and Dworakowski, Daniel and Firner, Bernhard and Flepp, Beat and Goyal, Prasoon and Jackel, Lawrence D and Monfort, Mathew and Muller, Urs and Zhang, Jiakai and others},
  journal={arXiv preprint arXiv:1604.07316},
  year={2016}
}

@inproceedings{lockerd2004tutelage,
  title={Tutelage and socially guided robot learning},
  author={Lockerd, Andrea and Breazeal, Cynthia},
  booktitle={Intelligent Robots and Systems, 2004.(IROS 2004).},
  volume={},
  pages={},
  year={2004},
  organization={}
}

@inproceedings{louie2016learning,
  title={A learning from demonstration system architecture for robots learning social group recreational activities},
  author={Louie, Wing-Yue Geoffrey and Nejat, Goldie},
  booktitle={Intelligent Robots and Systems (IROS), 2016 IEEE/RSJ International Conference on},
  pages={},
  year={},
  organization={IEEE}
}

@article{kingma2014adam,
  title={Adam: A method for stochastic optimization},
  author={Kingma, Diederik and Ba, Jimmy},
  journal={arXiv preprint arXiv:1412.6980},
  year={2014}
}

@article{schmidhuber2015deep,
  title={Deep learning in neural networks: An overview},
  author={Schmidhuber, J{\"u}rgen},
  journal={Neural networks},
  volume={},
  pages={},
  year={2015},
  publisher={Elsevier}
}

@article{hochreiter1997long,
  title={Long short-term memory},
  author={Hochreiter, Sepp and Schmidhuber, J{\"u}rgen},
  journal={Neural computation},
  volume={9},
  number={8},
  pages={1735--1780},
  year={1997},
  publisher={MIT Press}
}


@inproceedings{ratliff2006maximum,
  title={Maximum margin planning},
  author={Ratliff, Nathan D and Bagnell, J Andrew and Zinkevich, Martin A},
  booktitle={Proceedings of the 23rd international conference on Machine learning},
  pages={729--736},
  year={2006},
  organization={ACM}
}

@inproceedings{kuzuoka2010reconfiguring,
  title={Reconfiguring spatial formation arrangement by robot body orientation},
  author={Kuzuoka, Hideaki and Suzuki, Yuya and Yamashita, Jun and Yamazaki, Keiichi},
  booktitle={Proceedings of the 5th ACM/IEEE international conference on Human-robot interaction},
  pages={285--292},
  year={2010},
  organization={IEEE Press}
}

@inproceedings{kobilarov2006people,
  title={People tracking and following with mobile robot using an omnidirectional camera and a laser},
  author={Kobilarov, Marin and Sukhatme, Gaurav and Hyams and others},
  booktitle={Robotics and Automation, 2006. ICRA 2006},
  pages={},
  year={2006},
  organization={}
}

@article{ferrer2016robot,
  title={Robot social-aware navigation framework to accompany people walking side-by-side},
  author={Ferrer, Gonzalo and Zulueta, Ana{\'\i}s Garrell and Cotarelo, Fernando Herrero and Sanfeliu, Alberto},
  journal={Autonomous Robots},
  pages={1--19},
  year={2016},
  publisher={Springer}
}

@inproceedings{knox2009interactively,
  title={Interactively shaping agents via human reinforcement: The {TAMER} framework},
  author={Knox, W Bradley and Stone, Peter},
  booktitle={Proceedings of the fifth international conference on Knowledge capture},
  pages={9--16},
  year={2009},
  organization={ACM}
}

@inproceedings{joosse2014cultural,
  title={Cultural differences in how an engagement-seeking robot should approach a group of people},
  author={Joosse, Michiel P and Poppe, Ronald W and Lohse, Manja and Evers, Vanessa},
  booktitle={Proceedings of the 5th ACM international conference on Collaboration across boundaries: culture, distance \& technology},
  pages={121--130},
  year={2014},
  organization={ACM}
}

@inproceedings{knox2013training,
  title={Training a robot via human feedback: A case study},
  author={Knox, W Bradley and Stone, Peter and Breazeal, Cynthia},
  booktitle={International Conference on Social Robotics},
  pages={460--470},
  year={2013},
  organization={Springer}
}

@inproceedings{vroon2015dynamics,
  title={Dynamics of social positioning patterns in group-robot interactions},
  author={Vroon, Jered and Joosse, Michiel and Lohse, Manja and Kolkmeier, Jan and Kim, Jaebok and Truong, Khiet and Englebienne, Gwenn and Heylen, Dirk and Evers, Vanessa},
  booktitle={Robot and Human Interactive Communication (RO-MAN)},
  pages={},
  year={2015},
  organization={}
}

@article{kalman1964linear,
  title={When is a linear control system optimal?},
  author={Kalman, Rudolf Emil},
  journal={Journal of Basic Engineering},
  volume={86},
  number={1},
  pages={51--60},
  year={1964},
  publisher={American Society of Mechanical Engineers}
}

@article{qing2010research,
  title={Research of the localization of restaurant service robot},
  author={Qing-xiao, Yu and Can, Yuan and Zhuang, Fu and Yan-zheng, Zhao},
  journal={International Journal of Advanced Robotic Systems},
  volume={7},
  number={3},
  pages={18},
  year={2010},
  publisher={SAGE Publications Sage UK: London, England}
}
@inproceedings{ziebart2008maximum,
  title={Maximum Entropy Inverse Reinforcement Learning.},
  author={Ziebart, Brian D and Maas, Andrew L and Bagnell, J Andrew and Dey, Anind K},
  booktitle={AAAI},
  pages={1433--1438},
  year={2008}
}

@inproceedings{abbeel2004apprenticeship,
  title={Apprenticeship learning via inverse reinforcement learning},
  author={Abbeel, Pieter and Ng, Andrew Y},
  booktitle={Proceedings of the twenty-first International Conference on Machine Learning (ICML)},
  pages={1},
  year={2004},
  organization={ACM}
}


@article{ratliff2009learning,
  title={Learning to search: structured prediction techniques for imitation learning},
  author={Ratliff, Nathan D and Kuffner, James and Ng, Andrew},
  year={2009},
  publisher={Citeseer}
}

@inproceedings{levine2011nonlinear,
  title={Nonlinear inverse reinforcement learning with Gaussian processes},
  author={Levine, Sergey and Popovic, Zoran and Koltun, Vladlen},
  booktitle={Advances in Neural Information Processing Systems},
  pages={19--27},
  year={2011}
}

@article{argall2009survey,
  title={A survey of robot learning from demonstration},
  author={Argall, Brenna D and Chernova, Sonia and Veloso, Manuela and Browning, Brett},
  journal={Robotics and autonomous systems},
  volume={57},
  number={5},
  pages={469--483},
  year={2009},
  publisher={Elsevier}
}

@inproceedings{byravan2015graph,
  title={Graph-based inverse optimal control for robot manipulation},
  author={Byravan, Arunkumar and Monfort, Mathew and Ziebart, Brian and Boots, Byron and Fox, Dieter},
  booktitle={Proceedings of the International Joint Conference on Artificial Intelligence},
  year={2015}
}

@inproceedings{ratliff2009chomp,
  title={{CHOMP}: Gradient optimization techniques for efficient motion planning},
  author={Ratliff, Nathan and Zucker, Matt and Bagnell, J Andrew and Srinivasa, Siddhartha},
  booktitle={Robotics and Automation, 2009. ICRA'09. IEEE International Conference on},
  pages={489--494},
  year={2009},
  organization={IEEE}
}
@article{okallearning,
  title={Learning Socially Normative Robot Navigation Behaviors with Bayesian Inverse Reinforcement Learning},
  author={Okal, Billy and Arras, Kai O}
}

@article{polyak1964some,
  title={Some methods of speeding up the convergence of iteration methods},
  author={Polyak, Boris T},
  journal={USSR Computational Mathematics and Mathematical Physics},
  volume={4},
  number={5},
  pages={1--17},
  year={1964},
  publisher={Elsevier}
}

@phdthesis{ziebart2010modelingthesis,
  title={Modeling purposeful adaptive behavior with the principle of maximum causal entropy},
  author={Ziebart, Brian D},
  year={2010},
  school={Carnegie Mellon University}
}

@article{ratliff2007boosting,
  title={Boosting structured prediction for imitation learning},
  author={Ratliff, Nathan and Bradley, David and Bagnell, J Andrew and Chestnutt, Joel},
  journal={Robotics Institute},
  pages={54},
  year={2007}
}
@inproceedings{ratliff2009inverse,
  title={Inverse optimal heuristic control for imitation learning},
  author={Ratliff, Nathan and Ziebart, Brian and Peterson, Kevin and Bagnell, J Andrew and Hebert, Martial and Dey, Anind K and Srinivasa, Siddhartha},
  year={2009},
  organization={AISTATS}
}
@article{ramachandran2007bayesian,
  title={Bayesian inverse reinforcement learning},
  author={Ramachandran, Deepak and Amir, Eyal},
  journal={Urbana},
  volume={51},
  pages={61801},
  year={2007}
}

@inproceedings{2012-cioc,
    author = {Sergey Levine and Vladlen Koltun},
    title = {Continuous Inverse Optimal Control with Locally Optimal Examples},
    booktitle = {ICML '12: Proceedings of the 29th International Conference on Machine Learning},
    year = {2012},
}

@inproceedings{henry2010learning,
  title={Learning to navigate through crowded environments},
  author={Henry, Peter and Vollmer, Christian and Ferris, Brian and Fox, Dieter},
  booktitle={Proceedings of the IEEE International Conference on Robotics \& Automation (ICRA)},
  pages={},
  year={2010},
  organization={}
}



@inproceedings{ng2000algorithms,
  title={Algorithms for inverse reinforcement learning.},
  author={Ng, Andrew Y and Russell, Stuart J and others},
  booktitle={Proceedings of the International Conference on Machine Learning (ICML)},
  pages={663--670},
  year={2000}
}

@inproceedings{choi2015,
  title={Leveraged non-stationary Gaussian process regression for autonomous robot navigation},
  author={Sungjoon, Choi and  Eunwoo, Kim and Kyungjae, Lee and Songhwai, Oh},
  booktitle={Proceedings of the IEEE International Conference on Robotics \& Automation (ICRA)},
  year={2015}
}

@article{grollman2012robot,
  title={Robot learning from failed demonstrations},
  author={Grollman, Daniel H and Billard, Aude G},
  journal={International Journal of Social Robotics},
  volume={4},
  number={4},
  pages={331--342},
  year={2012},
  publisher={Springer}
}

@inproceedings{vasquez2014inverse,
  title={Inverse reinforcement learning algorithms and features for robot navigation in crowds: an experimental comparison},
  author={Vasquez, Dizan and Okal, Billy and Arras, Kai O},
  booktitle={2014 IEEE/RSJ International Conference on Intelligent Robots and Systems},
  pages={1341--1346},
  year={2014},
  organization={IEEE}
}
@article{otte2015rrtx,
  title={RRTX: Asymptotically optimal single-query sampling-based motion planning with quick replanning},
  author={Otte, Michael and Frazzoli, Emilio},
  journal={The International Journal of Robotics Research},
  pages={0278364915594679},
  year={2015},
  publisher={SAGE Publications}
}
@article{jaynes1957information,
  title={Information theory and statistical mechanics},
  author={Jaynes, Edwin T},
  journal={Physical review},
  volume={106},
  number={4},
  pages={620},
  year={1957},
  publisher={APS}
}

@article{gammell2014informed,
  title={Informed RRT*: Optimal sampling-based path planning focused via direct sampling of an admissible ellipsoidal heuristic},
  author={Gammell, Jonathan D and Srinivasa, Siddhartha S and Barfoot, Timothy D},
  journal={arXiv preprint arXiv:1404.2334},
  year={2014}
}

@book{sutton1998reinforcement,
  title={Reinforcement learning: An introduction},
  author={Sutton, Richard S and Barto, Andrew G},
  volume={1},
  year={1998},
  publisher={MIT press Cambridge}
}

@inproceedings{vasquez2014inverse,
  title={Inverse reinforcement learning algorithms and features for robot navigation in crowds: an experimental comparison},
  author={Vasquez, Dizan and Okal, Billy and Arras, Kai O},
  booktitle={Intelligent Robots and Systems (IROS 2014), 2014 IEEE/RSJ International Conference on},
  pages={1341--1346},
  year={2014},
  organization={IEEE}
}

@article{neu2009training,
  title={Training parsers by inverse reinforcement learning},
  author={Neu, Gergely and Szepesv{\'a}ri, Csaba},
  journal={Machine learning},
  volume={77},
  number={2-3},
  pages={303--337},
  year={2009},
  publisher={Springer}
}

@inproceedings{abbeel2008apprenticeship,
  title={Apprenticeship learning for motion planning with application to parking lot navigation},
  author={Abbeel, Pieter and Dolgov, Dmitri and Ng, Andrew Y and Thrun, Sebastian},
  booktitle={Intelligent Robots and Systems, 2008. IROS 2008. IEEE/RSJ International Conference on},
  pages={1083--1090},
  year={2008},
  organization={IEEE}
}

@inproceedings{kuderer2015learning,
  title={Learning driving styles for autonomous vehicles from demonstration},
  author={Kuderer, Markus and Gulati, Shilpa and Burgard, Wolfram},
  booktitle={Proceedings of the IEEE International Conference on Robotics \& Automation (ICRA), Seattle, USA},
  volume={134},
  year={2015}
}
@inproceedings{pacchierotti2006embodied,
  title={Embodied social interaction for service robots in hallway environments},
  author={Pacchierotti, Elena and Christensen, Henrik I and Jensfelt, Patric},
  booktitle={Field and Service Robotics},
  pages={293--304},
  year={2006},
  organization={Springer}
}

@article{ziebart2013principle,
  title={The principle of maximum causal entropy for estimating interacting processes},
  author={Ziebart, Brian D and Bagnell, J Andrew and Dey, Anind K},
  journal={Information Theory, IEEE Transactions on},
  volume={59},
  number={4},
  pages={1966--1980},
  year={2013},
  publisher={IEEE}
}

@inproceedings{babes2011apprenticeship,
  title={Apprenticeship learning about multiple intentions},
  author={Babes, Monica and Marivate, Vukosi and Subramanian, Kaushik and Littman, Michael L},
  booktitle={Proceedings of the 28th International Conference on Machine Learning (ICML-11)},
  pages={897--904},
  year={2011}
}

@inproceedings{syed2007game,
  title={A game-theoretic approach to apprenticeship learning},
  author={Syed, Umar and Schapire, Robert E},
  booktitle={Advances in neural information processing systems},
  pages={1449--1456},
  year={2007}
}

@incollection{dimitrakakis2012bayesian,
  title={Bayesian multitask inverse reinforcement learning},
  author={Dimitrakakis, Christos and Rothkopf, Constantin A},
  booktitle={Recent Advances in Reinforcement Learning},
  pages={273--284},
  year={2012},
  publisher={Springer}
}

@incollection{rothkopf2011preference,
  title={Preference elicitation and inverse reinforcement learning},
  author={Rothkopf, Constantin A and Dimitrakakis, Christos},
  booktitle={Machine Learning and Knowledge Discovery in Databases},
  pages={34--48},
  year={2011},
  publisher={Springer}
}

@inproceedings{klein2012inverse,
  title={Inverse reinforcement learning through structured classification},
  author={Klein, Edouard and Geist, Matthieu and Piot, Bilal and Pietquin, Olivier},
  booktitle={Advances in Neural Information Processing Systems},
  pages={1007--1015},
  year={2012}
}

@article{kavraki1996probabilistic,
  title={Probabilistic roadmaps for path planning in high-dimensional configuration spaces},
  author={Kavraki, Lydia E and {\v{S}}vestka, Petr and Latombe, Jean-Claude and Overmars, Mark H},
  journal={Robotics and Automation, IEEE Transactions on},
  volume={12},
  number={4},
  pages={566--580},
  year={1996},
  publisher={IEEE}
}

@article{lavalle1998rapidly,
  title={Rapidly-Exploring Random Trees A new Tool for Path Planning},
  author={LaValle, Steven M},
  year={1998}
}

@inproceedings{jaillet2008transition,
  title={Transition-based RRT for path planning in continuous cost spaces},
  author={Jaillet, L{\'e}onard and Cort{\'e}s, Juan and Sim{\'e}on, Thierry},
  booktitle={Intelligent Robots and Systems, 2008. IROS 2008. IEEE/RSJ International Conference on},
  pages={2145--2150},
  year={2008},
  organization={IEEE}
}


@article{karaman2011sampling,
  title={Sampling-based algorithms for optimal motion planning},
  author={Karaman, Sertac and Frazzoli, Emilio},
  journal={The International Journal of Robotics Research},
  volume={30},
  number={7},
  pages={846--894},
  year={2011},
  publisher={Sage Publications}
}

@article{triebel2015spencer,
  title={SPENCER: A socially aware service robot for passenger guidance and help in busy airports},
  author={Triebel, Rudolph and Arras, KO and Alami, Rachid and Beyer, Lucas and Breuers, Stefan and Chatila, Raja and Chetouani, Mohamed and Cremers, Daniel and Evers, Vanessa and Fiore, Michelangelo and others},
  year={2015},
  publisher={University of Toronto}
}

@article{shiarlis2015teresa,
  title={{TERESA}: a socially intelligent semi-autonomous telepresence system},
  author={Shiarlis, Kyriacos and Messias, Joao and others},
  year={2015},
  publisher={University of Amsterdam}
}
 
@inproceedings{thrun1999minerva,
  title={MINERVA: A second-generation museum tour-guide robot},
  author={Thrun, Sebastian and Bennewitz, Maren and Burgard, Wolfram and Cremers, Armin B and Dellaert and others},
  booktitle={Robotics and automation, 1999.},
  volume={3},
  year={1999},
  organization={IEEE}
}

@inproceedings{boularias2011relative,
  title={Relative Entropy Inverse Reinforcement Learning.},
  author={Boularias, Abdeslam and Kober, Jens and Peters, Jan},
  booktitle={AISTATS},
  pages={182--189},
  year={2011}
}

@inproceedings{kalakrishnan2013learning,
  title={Learning objective functions for manipulation},
  author={Kalakrishnan, Mrinal and Pastor, Peter and Righetti, Ludovic and Schaal, Stefan},
  booktitle={Robotics and Automation (ICRA), 2013 IEEE International Conference on},
  pages={1331--1336},
  year={2013},
  organization={IEEE}
}

@article{finn2016guided,
  title={Guided Cost Learning: Deep Inverse Optimal Control via Policy Optimization},
  author={Finn, Chelsea and Levine, Sergey and Abbeel, Pieter},
  journal={arXiv preprint arXiv:1603.00448},
  year={2016}
}

@inproceedings{shiarlis2016inverse,
  title={Inverse Reinforcement Learning from Failure},
  author={Shiarlis, Kyriacos and Messias, Joao and Whiteson, Shimon},
  booktitle={Proceedings of the 2016 International Conference on Autonomous Agents \& Multiagent Systems},
  pages={1060--1068},
  year={2016},
  organization={International Foundation for Autonomous Agents and Multiagent Systems}
}

